% # En este archivo se coloca la bibliografía en formato BibTeX, se recomienda buscar el documento en scholar.google.com y luego hacer click en "citar" y seleccionar el formato "BibTeX" para obtener el snippet que debe ir aquí.

% Recuerde que hay que citar estas entradas en el documento para que aparezcan en la bibliografía. e.g. \cite{schwab2002cure}

% Recuerde NO reemplazar los "and" por "y" en los campos de author, ¡Puesto que "and" es una palabra clave para separarlos!

%%%%%%%%%%%%%%%%%%%%%%%% 
%lobos 2013
@article{lobos2013patterns,
	author = {Lobos, Claudio},
	year = {2013},
	month = {02},
	pages = {268-72},
	title = {A set of mixed-elements patterns for domain boundary approximation in hexahedral meshes},
	volume = {184},
	journal = {Studies in health technology and informatics},
	doi = {10.3233/978-1-61499-209-7-268}
}

@article{lobos2015towards,
  title={Towards a unified measurement of quality for mixed--elements},
  author={Lobos, Claudio},
  journal={Tech. Rep. 2015/01},
  year={2015},
  publisher={Departamento de Inform{\'a}tica, UTFSM}
}

@article{lobos2015mixed,
  title={Mixed-element Octree: a meshing technique toward fast and real-time simulations in biomedical applications},
  author={Lobos, Claudio and Gonz{\'a}lez, Eugenio},
  journal={International journal for numerical methods in biomedical engineering},
  volume={31},
  number={12},
  year={2015},
  publisher={Wiley Online Library}
}

@inproceedings{daines2018repairing,
  title={Repairing Octree Boundary Transition Regions Composed of Different Types of Elements},
  author={Daines, Esteban and Lobos, Claudio},
  booktitle={2018 37th International Conference of the Chilean Computer Science Society (SCCC)},
  pages={1--8},
  year={2018},
  organization={IEEE}
}

@TECHREPORT{Gonzalez2014,
  author = {Eugenio Gonz\'alez and Claudio Lobos},
  title = {A set of mixed-element transition patterns for adaptive 3d meshing},
  number = {2014/01},
  institution = {Departamento de Inform\'atica, UTFSM},
  keywords = {},
  note = {},
  month = {October},
  year = {2014},
  pages = {1--194},
  doi = {10.13140/RG.2.1.3367.4400},
  url = {http://www.inf.utfsm.cl/~clobos/tech.html},
  contact = {clobos@inf.utfsm.cl}
}

@article{shepherd-2008,
	author = {J. Shepherd and C. Johnson}, 
    family = {Jason F. Shepherd and Chris R. Johnson}, 
	journal = {Engineering with Computers},
	month = {8},
	number = {1},
	pages = {97--114},
	publisher = {Springer Science and Business Media LLC},
	title = {Hexahedral mesh generation for biomedical models in SCIRun},
	volume = {25},
	year = {2008},
	doi = {10.1007/s00366-008-0108-z},
	url = {http://dx.doi.org/10.1007/s00366-008-0108-z},
}
@misc{verdict,
	title = {The verdict mesh verification library},
	year = {2007},
	author = {SandiaLabs},
	title = {{GitHub - sandialabs/verdict: verdict}},
	howpublished = {\url{https://github.com/sandialabs/verdict}},
}